<?xml version="1.0" encoding="UTF-8"?><collection xmlns="http://www.loc.gov/MARC21/slim"><record><leader>00317nam--2200121-i-4500</leader><controlfield tag="001">000018140</controlfield><controlfield tag="002">20161230</controlfield><controlfield tag="005">20161230201032</controlfield><controlfield tag="008">060222s1000------------r-----000-0-eng-d</controlfield><datafield ind1=" " ind2=" " tag="245"><subfield code="a">Constants physico-chimique</subfield></datafield><datafield ind1=" " ind2=" " tag="260"><subfield code="a">Paris, Technique De L Ingenieur, 1955./P.Dif.</subfield></datafield><datafield ind1=" " ind2=" " tag="490"><subfield code="a">Technique De L Ingenieur</subfield></datafield><datafield ind1=" " ind2=" " tag="852"><subfield code="a">10852</subfield></datafield></record></collection>